@article{merkel2014,
  author = {Merkel, Dirk},
  title = {Docker: Lightweight Linux Containers for Consistent Development and Deployment},
  journal = {Linux Journal},
  volume = {2014},
  number = {239},
  year = {2014},
  publisher = {Linux New Media USA, LLC}
}

@misc{redhat2021,
  author = {{Red Hat}},
  title = {Podman - Managing Containers},
  year = {2021},
  url = {https://podman.io},
  note = {Consultado el 13 de junio de 2025}
}

@misc{redhat_podman_desktop,
  author = {{Red Hat}},
  title = {What is Podman Desktop?},
  year = {2024},
  howpublished = {\url{https://www.redhat.com/en/topics/containers/what-is-podman-desktop}},
  note = {Consultado el 13 de junio de 2025}
}

@article{georger2024,
  author = {Georger, Nicol√°s},
  title = {Podman Desktop: Your Gateway to Containers and Kubernetes},
  journal = {SRE DevOps},
  year = {2024},
  note = {Consultado el 13 de junio de 2025}
}

@misc{podman_desktop_multi,
  author = {{Podman Desktop Project}},
  title = {Podman Desktop is a multi-engine UI tool},
  year = {2023},
  howpublished = {\url{https://podman-desktop.io/blog/5-things-to-know-for-a-docker-user}},
  note = {Consultado el 13 de junio de 2025}
}

@misc{aws_api,
  author = {{Amazon Web Services (AWS)}},
  title = {What is an API?},
  year = {2025},
  howpublished = {\url{https://aws.amazon.com/what-is/api}},
  note = {Consultado el 13 de junio de 2025}
}

@misc{oracle_api,
  author = {{Oracle}},
  title = {What is an API (Application Programming Interface)?},
  year = {2025},
  howpublished = {\url{https://www.oracle.com/cloud/cloud-native/api-management/what-is-api}},
  note = {Consultado el 13 de junio de 2025}
}

@misc{wikipedia_api,
  author = {{Wikipedia}},
  title = {API},
  year = {2025},
  howpublished = {\url{https://en.wikipedia.org/wiki/API}},
  note = {Consultado el 13 de junio de 2025}
}

@misc{wikipedia_kanban_dev,
  author = {{Wikipedia}},
  title = {Kanban (desarrollo)},
  year = {2025},
  howpublished = {\url{https://es.wikipedia.org/wiki/Kanban_(desarrollo)}},
  note = {Consultado el 13 de junio de 2025}
}

@misc{asana_kanban,
  author = {{Asana}},
  title = {What Is Kanban? A Beginner's Guide for Agile Teams},
  year = {2025},
  howpublished = {\url{https://asana.com/resources/what-is-kanban}},
  note = {Consultado el 13 de junio de 2025}
}

@misc{eswiki_ide,
  author = {{Wikipedia}},
  title = {Entorno de desarrollo integrado},
  year = {2025},
  howpublished = {\url{https://es.wikipedia.org/wiki/Entorno_de_desarrollo_integrado}},
  note = {Consultado el 13 de junio de 2025}
}

@misc{geeksforgeeks_ide,
  author = {{GeeksforGeeks}},
  title = {What is an IDE?},
  year = {2025},
  howpublished = {\url{https://www.geeksforgeeks.org/what-is-ide}},
  note = {Consultado el 13 de junio de 2025}
}

