
@thesis{maida_metodologias_2015,
	location = {Universidad Católica Argentina},
	title = {Metodologías de desarrollo de software},
	url = {https://gc.scalahed.com/recursos/files/r161r/w25941w/S02R01.pdf},
	pagetotal = {117},
	institution = {Facultad de Química e Ingeniería “Fray Rogelio Bacon”},
	type = {Online},
	author = {Maida, Esteban Gabriel and Pacienzia, Julián},
	date = {2015},
	file = {Full Text:/home/fcardozo/Zotero/storage/4IYUZY8V/Maida and Pacienzia - 2015 - Metodologías de desarrollo de software.pdf:application/pdf},
}
